%YAML 1.1
%TAG !u! tag:unity3d.com,2011:
--- !u!1 &3121053447786633241
GameObject:
  m_ObjectHideFlags: 0
  m_CorrespondingSourceObject: {fileID: 0}
  m_PrefabInstance: {fileID: 0}
  m_PrefabAsset: {fileID: 0}
  serializedVersion: 6
  m_Component:
  - component: {fileID: 818194850761422884}
  - component: {fileID: 1650145455704029209}
  - component: {fileID: 5732598961211062444}
  - component: {fileID: 6338018672210376433}
  - component: {fileID: -5528997372101117365}
  - component: {fileID: -6548217011573171108}
  - component: {fileID: -6705033689745503907}
  - component: {fileID: 6415155925115429876}
  m_Layer: 0
  m_Name: Green_Note
  m_TagString: Untagged
  m_Icon: {fileID: 0}
  m_NavMeshLayer: 0
  m_StaticEditorFlags: 0
  m_IsActive: 1
--- !u!4 &818194850761422884
Transform:
  m_ObjectHideFlags: 0
  m_CorrespondingSourceObject: {fileID: 0}
  m_PrefabInstance: {fileID: 0}
  m_PrefabAsset: {fileID: 0}
  m_GameObject: {fileID: 3121053447786633241}
  m_LocalRotation: {x: 0, y: 0, z: 0, w: 1}
  m_LocalPosition: {x: 0, y: 3, z: -5}
  m_LocalScale: {x: 0.6, y: 1, z: 0.6}
  m_Children:
  - {fileID: 4547093559133653399}
  m_Father: {fileID: 0}
  m_RootOrder: 0
  m_LocalEulerAnglesHint: {x: 0, y: 0, z: 0}
--- !u!33 &1650145455704029209
MeshFilter:
  m_ObjectHideFlags: 0
  m_CorrespondingSourceObject: {fileID: 0}
  m_PrefabInstance: {fileID: 0}
  m_PrefabAsset: {fileID: 0}
  m_GameObject: {fileID: 3121053447786633241}
  m_Mesh: {fileID: 10207, guid: 0000000000000000e000000000000000, type: 0}
--- !u!23 &5732598961211062444
MeshRenderer:
  m_ObjectHideFlags: 0
  m_CorrespondingSourceObject: {fileID: 0}
  m_PrefabInstance: {fileID: 0}
  m_PrefabAsset: {fileID: 0}
  m_GameObject: {fileID: 3121053447786633241}
  m_Enabled: 1
  m_CastShadows: 1
  m_ReceiveShadows: 0
  m_DynamicOccludee: 1
  m_MotionVectors: 1
  m_LightProbeUsage: 1
  m_ReflectionProbeUsage: 1
  m_RayTracingMode: 2
  m_RayTraceProcedural: 0
  m_RenderingLayerMask: 1
  m_RendererPriority: 0
  m_Materials:
  - {fileID: 2100000, guid: bb228b09a8471964fa904106fe8f1908, type: 2}
  m_StaticBatchInfo:
    firstSubMesh: 0
    subMeshCount: 0
  m_StaticBatchRoot: {fileID: 0}
  m_ProbeAnchor: {fileID: 0}
  m_LightProbeVolumeOverride: {fileID: 0}
  m_ScaleInLightmap: 1
  m_ReceiveGI: 1
  m_PreserveUVs: 0
  m_IgnoreNormalsForChartDetection: 0
  m_ImportantGI: 0
  m_StitchLightmapSeams: 1
  m_SelectedEditorRenderState: 3
  m_MinimumChartSize: 4
  m_AutoUVMaxDistance: 0.5
  m_AutoUVMaxAngle: 89
  m_LightmapParameters: {fileID: 0}
  m_SortingLayerID: 0
  m_SortingLayer: 0
  m_SortingOrder: 0
  m_AdditionalVertexStreams: {fileID: 0}
--- !u!135 &6338018672210376433
SphereCollider:
  m_ObjectHideFlags: 0
  m_CorrespondingSourceObject: {fileID: 0}
  m_PrefabInstance: {fileID: 0}
  m_PrefabAsset: {fileID: 0}
  m_GameObject: {fileID: 3121053447786633241}
  m_Material: {fileID: 0}
  m_IsTrigger: 0
  m_Enabled: 1
  serializedVersion: 2
  m_Radius: 0.5
  m_Center: {x: 0, y: 0, z: -2}
--- !u!54 &-5528997372101117365
Rigidbody:
  m_ObjectHideFlags: 0
  m_CorrespondingSourceObject: {fileID: 0}
  m_PrefabInstance: {fileID: 0}
  m_PrefabAsset: {fileID: 0}
  m_GameObject: {fileID: 3121053447786633241}
  serializedVersion: 2
  m_Mass: 1
  m_Drag: 0
  m_AngularDrag: 0.05
  m_UseGravity: 0
  m_IsKinematic: 0
  m_Interpolate: 0
  m_Constraints: 0
  m_CollisionDetection: 0
--- !u!114 &-6548217011573171108
MonoBehaviour:
  m_ObjectHideFlags: 0
  m_CorrespondingSourceObject: {fileID: 0}
  m_PrefabInstance: {fileID: 0}
  m_PrefabAsset: {fileID: 0}
  m_GameObject: {fileID: 3121053447786633241}
  m_Enabled: 1
  m_EditorHideFlags: 0
  m_Script: {fileID: 11500000, guid: 130309c3e3950ac48960cf2562c56d21, type: 3}
  m_Name: 
  m_EditorClassIdentifier: 
  colliders:
  - {fileID: 6179740418200295838, guid: ad3adbbd84668a94889dbff85c4c7f12, type: 3}
  pointValue: 10
  purpStrike: {fileID: 6608926984360601194, guid: f959071b4580c6e4fb7521e026c71edc,
    type: 3}
  burst_succ: {fileID: 453893115493191611, guid: 0c3e49a89ebc2cd4c9f17c24a76bfadc,
    type: 3}
  burst_fail: {fileID: 4158699451378716801, guid: 3b57d0304c28a294e9995d6888a1f407,
    type: 3}
  colliderIdx: 0
  burst_mult: {fileID: 111508450088860450, guid: 581dddd85a202d042a5d850fb73d1d2b,
    type: 3}
  burst_strike: {fileID: 848763034885470579, guid: a0dc55945c926f641bb49f88a2121dd8,
    type: 3}
  burst_speed: {fileID: 2265764607110606780, guid: 628ebe59ce1eb1249a702b0c8076ad51,
    type: 3}
  scorable: 0
--- !u!114 &-6705033689745503907
MonoBehaviour:
  m_ObjectHideFlags: 0
  m_CorrespondingSourceObject: {fileID: 0}
  m_PrefabInstance: {fileID: 0}
  m_PrefabAsset: {fileID: 0}
  m_GameObject: {fileID: 3121053447786633241}
  m_Enabled: 1
  m_EditorHideFlags: 0
  m_Script: {fileID: 11500000, guid: dc984af8df7fcc34e98c97c3d03513ba, type: 3}
  m_Name: 
  m_EditorClassIdentifier: 
  pathCreator: {fileID: 5827216706710420167, guid: d75b6d66c04b91445a899f706efe3840,
    type: 3}
  dstTravelled: 0
  noteId: -1
  parentId: -1
  holdObject: 0
--- !u!122 &6415155925115429876
Halo:
  m_ObjectHideFlags: 0
  m_CorrespondingSourceObject: {fileID: 0}
  m_PrefabInstance: {fileID: 0}
  m_PrefabAsset: {fileID: 0}
  m_GameObject: {fileID: 3121053447786633241}
  m_Enabled: 1
  m_Color:
    serializedVersion: 2
    rgba: 4278255360
  m_Size: 0.7
--- !u!1001 &8914420587882931441
PrefabInstance:
  m_ObjectHideFlags: 0
  serializedVersion: 2
  m_Modification:
    m_TransformParent: {fileID: 818194850761422884}
    m_Modifications:
    - target: {fileID: 2359126208739863989, guid: 844f54505bfd1054ba473780053e28c1,
        type: 3}
      propertyPath: m_Name
      value: Trails green
      objectReference: {fileID: 0}
    - target: {fileID: 4948584951375211878, guid: 844f54505bfd1054ba473780053e28c1,
        type: 3}
      propertyPath: m_LocalPosition.x
      value: 0.18
      objectReference: {fileID: 0}
    - target: {fileID: 4948584951375211878, guid: 844f54505bfd1054ba473780053e28c1,
        type: 3}
      propertyPath: m_LocalPosition.y
      value: -0.12
      objectReference: {fileID: 0}
    - target: {fileID: 4948584951375211878, guid: 844f54505bfd1054ba473780053e28c1,
        type: 3}
      propertyPath: m_LocalPosition.z
      value: 0.12
      objectReference: {fileID: 0}
    - target: {fileID: 4948584951375211878, guid: 844f54505bfd1054ba473780053e28c1,
        type: 3}
      propertyPath: m_LocalRotation.x
      value: -0.7071068
      objectReference: {fileID: 0}
    - target: {fileID: 4948584951375211878, guid: 844f54505bfd1054ba473780053e28c1,
        type: 3}
      propertyPath: m_LocalRotation.y
      value: 0
      objectReference: {fileID: 0}
    - target: {fileID: 4948584951375211878, guid: 844f54505bfd1054ba473780053e28c1,
        type: 3}
      propertyPath: m_LocalRotation.z
      value: 0
      objectReference: {fileID: 0}
    - target: {fileID: 4948584951375211878, guid: 844f54505bfd1054ba473780053e28c1,
        type: 3}
      propertyPath: m_LocalRotation.w
      value: 0.7071068
      objectReference: {fileID: 0}
    - target: {fileID: 4948584951375211878, guid: 844f54505bfd1054ba473780053e28c1,
        type: 3}
      propertyPath: m_RootOrder
      value: 0
      objectReference: {fileID: 0}
    - target: {fileID: 4948584951375211878, guid: 844f54505bfd1054ba473780053e28c1,
        type: 3}
      propertyPath: m_LocalEulerAnglesHint.x
      value: -90
      objectReference: {fileID: 0}
    - target: {fileID: 4948584951375211878, guid: 844f54505bfd1054ba473780053e28c1,
        type: 3}
      propertyPath: m_LocalEulerAnglesHint.y
      value: 0
      objectReference: {fileID: 0}
    - target: {fileID: 4948584951375211878, guid: 844f54505bfd1054ba473780053e28c1,
        type: 3}
      propertyPath: m_LocalEulerAnglesHint.z
      value: 0
      objectReference: {fileID: 0}
    m_RemovedComponents: []
  m_SourcePrefab: {fileID: 100100000, guid: 844f54505bfd1054ba473780053e28c1, type: 3}
--- !u!4 &4547093559133653399 stripped
Transform:
  m_CorrespondingSourceObject: {fileID: 4948584951375211878, guid: 844f54505bfd1054ba473780053e28c1,
    type: 3}
  m_PrefabInstance: {fileID: 8914420587882931441}
  m_PrefabAsset: {fileID: 0}
